@article{personalizingimagesearchresults,
author = {Kristina Lerman and Anon Plangprasopchok and Chio Wong},
title = {{Personalizing Image Search Results on Flickr}},
journal = {Computing Research Repository},
volume = {abs/0704.1},
year = {2007},
masid = {4367149}
}

@InProceedings{lornet,
author = {Maryam Shokri1 and Hamid R. Tizhoosh1 and Mohamed Kamel},
title = {{Reinforcement Learning for Personalizing Image Search}},
booktitle = {LORNET Annual E-Learning Conference on Intelligent Interactive Learning Object Repositories},
year = {2006}
}

@article{Sebastiani:2002:MLA:505282.505283,
 author = {Sebastiani, Fabrizio},
 title = {Machine learning in automated text categorization},
 journal = {ACM Comput. Surv.},
 issue_date = {March 2002},
 volume = {34},
 number = {1},
 month = mar,
 year = {2002},
 issn = {0360-0300},
 pages = {1--47},
 numpages = {47},
 url = {http://doi.acm.org/10.1145/505282.505283},
 doi = {10.1145/505282.505283},
 acmid = {505283},
 publisher = {ACM},
 address = {New York, NY, USA},
 keywords = {Machine learning, text categorization, text classification},
}