@PhdThesis{Gulshan12,
  author       = "Gulshan, V.",
  title        = "From Interactive to Semantic Image Segmentation",
  school       = "University of Oxford",
  year         = "2012",
}

@INPROCEEDINGS{Leibe04combinedobject,
    author = {Bastian Leibe and Ales Leonardis and Bernt Schiele},
    title = {Combined Object Categorization and Segmentation With An Implicit Shape Model},
    booktitle = {In ECCV workshop on statistical learning in computer vision},
    year = {2004},
    pages = {17--32}
}

@INPROCEEDINGS{Borenstein04combiningtop,
    author = {E. Borenstein and E. Sharon and S. Ullman},
    title = {Combining Top-Down and Bottom-Up Segmentation},
    booktitle = {CVPR},
    year = {2004},
}

@INPROCEEDINGS{cao:spatially,
AUTHOR = "Liangliang Cao and Fei-Fei Li",
TITLE = "Spatially Coherent Latent Topic Model for Concurrent Segmentation and Classification of Objects and Scenes",
BOOKTITLE = "ICCV'07",
PAGES = {1-8},
YEAR = {2007}, 
}

@inproceedings{Russell:2006:UMS:1153171.1153637,
 author = {Russell, Bryan C. and Freeman, William T. and Efros, Alexei A. and Sivic, Josef and Zisserman, Andrew},
 title = {Using Multiple Segmentations to Discover Objects and their Extent in Image Collections},
 booktitle = {Proceedings of the 2006 IEEE Computer Society Conference on Computer Vision and Pattern Recognition - Volume 2},
 series = {CVPR '06},
 year = {2006},
 isbn = {0-7695-2597-0},
 pages = {1605--1614},
 numpages = {10},
 url = {http://dx.doi.org/10.1109/CVPR.2006.326},
 doi = {10.1109/CVPR.2006.326},
 acmid = {1153637},
 publisher = {IEEE Computer Society},
 address = {Washington, DC, USA},
}

@inproceedings{lin07multiple,
  author = {Lin Yang and Peter Meer and David J. Foran},
  title = {{Multiple Class Segmentation Using A Unified Framework over Mean-Shift Patches}},
  booktitle = {Computer Vision and Pattern Recognition},
  year = {2007},
  doi = {10.1109/CVPR.2007.383229},
  masid = {4141339}
} 

@inproceedings{conf/bmvc/CsurkaP08,
  added-at = {2011-05-03T00:00:00.000+0200},
  author = {Csurka, Gabriela and Perronnin, Florent},
  biburl = {http://www.bibsonomy.org/bibtex/207f4fc90d298a9b80ed33a8f9242b618/dblp},
  booktitle = {BMVC},
  editor = {Everingham, Mark and Needham, Chris J. and Fraile, Roberto},
  ee = {http://www.bmva.org/bmvc/2008/papers/68.pdf},
  interhash = {3f43efc1ba6451779bd265f037a9a28e},
  intrahash = {07f4fc90d298a9b80ed33a8f9242b618},
  isbn = {978-1-901725-36-0},
  keywords = {dblp},
  publisher = {British Machine Vision Association},
  timestamp = {2011-05-03T00:00:00.000+0200},
  title = {A Simple High Performance Approach to Semantic Segmentation.},
  url = {http://dblp.uni-trier.de/db/conf/bmvc/bmvc2008.html#CsurkaP08},
  year = 2008
}

@inproceedings{Kumar:2005:OC:1068507.1068889,
 author = {Kumar, M. Pawan and Torr, Philip H.  S. and Zisserman, A.},
 title = {OBJ CUT},
 booktitle = {Proceedings of the 2005 IEEE Computer Society Conference on Computer Vision and Pattern Recognition (CVPR'05) - Volume 1 - Volume 01},
 series = {CVPR '05},
 year = {2005},
 isbn = {0-7695-2372-2},
 pages = {18--25},
 numpages = {8},
 url = {http://dx.doi.org/10.1109/CVPR.2005.249},
 doi = {10.1109/CVPR.2005.249},
 acmid = {1068889},
 publisher = {IEEE Computer Society},
 address = {Washington, DC, USA}
} 

@INPROCEEDINGS{Richard04multiscaleconditional,
    author = {Xuming He Richard and Richard S. Zemel and Miguel Á. Carreira-perpiñán},
    title = {Multiscale Conditional Random Fields for Image Labeling},
    booktitle = {In CVPR},
    year = {2004},
    pages = {695--702}
}

@inproceedings{Kumar:2005:HFF:1097115.1097790,
 author = {Kumar, Sanjiv and Hebert, Martial},
 title = {A Hierarchical Field Framework for Unified Context-Based Classification},
 booktitle = {Proceedings of the Tenth IEEE International Conference on Computer Vision - Volume 2},
 series = {ICCV '05},
 year = {2005},
 isbn = {0-7695-2334-X-02},
 pages = {1284--1291},
 numpages = {8},
 url = {http://dx.doi.org/10.1109/ICCV.2005.9},
 doi = {10.1109/ICCV.2005.9},
 acmid = {1097790},
 publisher = {IEEE Computer Society},
 address = {Washington, DC, USA}
} 

@INPROCEEDINGS{Shotton06textonboost:joint,
    author = {J. Shotton and J. Winn and C. Rother and A. Criminisi},
    title = {Textonboost: Joint appearance, shape and context modeling for multi-class object recognition and segmentation},
    booktitle = {In ECCV},
    year = {2006},
    pages = {1--15}
}

@INPROCEEDINGS{Domingos06unifyinglogical,
    author = {Pedro Domingos and Stanley Kok and Hoifung Poon and Matthew Richardson and Parag Singla},
    title = {Unifying logical and statistical AI},
    booktitle = {Proceedings of the Twenty-First National Conference on Artificial Intelligence},
    year = {2006},
    pages = {2--7},
    publisher = {AAAI Press}
}

@MISC{Wang_hybridmarkov,
    author = {Jue Wang and Pedro Domingos},
    title = {Hybrid Markov Logic Networks},
    year = {}
}

@INPROCEEDINGS{Richardson06markovlogic,
    author = {Matthew Richardson and Pedro Domingos},
    title = {Markov Logic Networks},
    booktitle = {Machine Learning},
    year = {2006},
    pages = {2006}
}

@incollection {Chen2012,
   author = {Chen, Xiaowu and Li, Qing and Song, Yafei and Jin, Xin and Zhao, Qinping},
   affiliation = {State Key Laboratory of Virtual Reality Technology and Systems, School of Computer Science and Engineering, Beihang University, Beijing, China},
   title = {Supervised Geodesic Propagation for Semantic Label Transfer},
   booktitle = {Computer Vision – ECCV 2012},
   series = {Lecture Notes in Computer Science},
   editor = {Fitzgibbon, Andrew and Lazebnik, Svetlana and Perona, Pietro and Sato, Yoichi and Schmid, Cordelia},
   publisher = {Springer Berlin / Heidelberg},
   isbn = {978-3-642-33711-6},
   keyword = {Computer Science},
   pages = {553-565},
   volume = {7574},
   year = {2012}
}

@INPROCEEDINGS{SegmentRegionsParts,
    author = {P. Arbelaez and B. Hariharan and C. Gu and S. Gupta and L. Bourdev and J. Malik},
    title = {Semantic Segmentation using Regions and Parts},
    booktitle = {In CVPR},
    year = {2012},
}

@INPROCEEDINGS{IterContFor12,
    author = {Björn Fröhlich, Erik Rodner and Joachim Denzler},
    title = {Semantic Segmentation with Millions of Features: Integrating Multiple Cues in a Combined Random Forest Approach},
    booktitle = {In ACCV},
    year = {2012},
}

@techreport{alchemy,
	author = {Stanley Kok and Marc Sumner and Matthew Richardson and Parag Singla and Hoifung Poon and Daniel Lowd and Jue Wang and Aniruddh Nath and Pedro Domingos},
	institution = {Department of Computer Science and Engineering, University of Washington, Seattle, WA},
	title = {The Alchemy System for Statistical Relational AI},
	year = {2010},
	url = {http://alchemy.cs.washington.edu}
}

@incollection{visualdictrene,
year={2012},
isbn={978-3-642-33714-7},
booktitle={Computer Vision – ECCV 2012},
volume={7576},
series={Lecture Notes in Computer Science},
editor={Fitzgibbon, Andrew and Lazebnik, Svetlana and Perona, Pietro and
Sato, Yoichi and Schmid, Cordelia},
doi={10.1007/978-3-642-33715-4_52},
title={Visual Dictionary Learning for Joint Object Categorization and
Segmentation},
url={http://dx.doi.org/10.1007/978-3-642-33715-4_52},
publisher={Springer Berlin Heidelberg},
author={Jain, Aastha and Zappella, Luca and McClure, Patrick and Vidal,
René},
pages={718-731}
}

@techreport{graz02,
	author = {Opelt and A. and Pinz, A},
	institution = {TU Graz},
	title = {The TU Graz-02 database},
	year = {2002},
	url = {http://www.emt.tugraz.at/~pinz/data/GRAZ_02/}
}

@ARTICLE{Gist,
    author = {Aude Oliva and Antonio Torralba},
    title = {Modeling the Shape of the Scene: A Holistic Representation of the Spatial Envelope},
    journal = {International Journal of Computer Vision},
    year = {2001},
    volume = {42},
    pages = {145--175}
}

@INPROCEEDINGS{Superpixel, 
author={Mori, G.}, 
booktitle={Computer Vision, 2005. ICCV 2005. Tenth IEEE International Conference on}, title={Guiding model search using segmentation}, 
year={2005}, 
month={oct.}, 
volume={2}, 
number={}, 
pages={1417 -1423 Vol. 2}, 
keywords={human body pose estimation;image segmentation;model search space;still images;superpixels;image segmentation;}, 
doi={10.1109/ICCV.2005.112}, 
ISSN={1550-5499}
}
   
@article{BrostowFC:PRL2008,
    author = "Gabriel J. Brostow and Julien Fauqueur and Roberto Cipolla",
    title = "Semantic Object Classes in Video: A High-Definition Ground Truth Database",
    journal = "Pattern Recognition Letters",
    volume = "xx",
    number = "x",   
    pages = "xx-xx",
    year = "2008"
}

@inproceedings{DBLP:conf/iccv/WinnCM05,
   author    = {John M. Winn and
                Antonio Criminisi and
                Thomas P. Minka},
   title     = {Object Categorization by Learned Universal Visual 
Dictionary},
   booktitle = {ICCV},
   year      = {2005},
   pages     = {1800-1807},
   ee        = {http://doi.ieeecomputersociety.org/10.1109/ICCV.2005.171},
   crossref  = {DBLP:conf/iccv/2005},
   bibsource = {DBLP, http://dblp.uni-trier.de}
}

@inproceedings{malisiewicz-cvpr08,
  Author =	 {Tomasz Malisiewicz and Alexei A. Efros},
  Booktitle =	 {CVPR},
  Title =	 {Recognition by Association via Learning Per-exemplar Distances},
  Month =        {June},
  Year =	 2008
}

@INPROCEEDINGS{MSRC, 
	author={Winn, J. and Criminisi, A. and Minka, T.}, 
	booktitle={Computer Vision, 2005. ICCV 2005. Tenth IEEE International Conference on}, title={Object categorization by learned universal visual dictionary}, 
	year={2005}, 
	month={oct.}, 
	volume={2}, 
	number={}, 
	pages={1800 -1807 Vol. 2}, 
	keywords={discriminative appearance-based object class models;image categorization;object categorization;object class recognition;universal visual dictionary;visual words;image classification;learning (artificial intelligence);object recognition;}, 
	doi={10.1109/ICCV.2005.171}, 
	ISSN={1550-5499}
}

@ARTICLE{meanshift,
author={Comaniciu, D. and Meer, P.},
journal={Pattern Analysis and Machine Intelligence, IEEE Transactions on}, title={Mean shift: a robust approach toward feature space analysis},
year={2002},
month={may},
volume={24},
number={5},
pages={603 -619},
keywords={Nadaraya-Watson estimator;algorithm performance;analysis resolution;arbitrarily shaped cluster delineation;color images;complex multimodal feature space;computational module;convergence;density function;density modes detection;discontinuity-preserving image smoothing;discrete data;gray-level images;image segmentation;kernel regression;location estimation;low-level vision algorithms;mean shift;nearest stationary point;nonparametric technique;pattern recognition procedure;recursive mean shift procedure;robust M-estimators;robust feature space analysis;user-set parameter;computer vision;estimation theory;image segmentation;nonparametric statistics;pattern clustering;smoothing methods;},
doi={10.1109/34.1000236},
ISSN={0162-8828},}

@INPROCEEDINGS{Statistics01randomforests,
    author = {Leo Breiman Statistics and Leo Breiman},
    title = {Random Forests},
    booktitle = {Machine Learning},
    year = {2001},
    pages = {5--32}
}
@article{lafferty2001conditional,
      title={Conditional random fields: Probabilistic models for segmenting and labeling sequence data},
        author={Lafferty, J. and McCallum, A. and Pereira, F.C.N.},
          year={2001}
}

@online{UGMSoftware,
    author = {Mark Schmidt},
    title = {UGM: Matlab code for undirected graphical models},
    year = 2007,
    url = \url{http://www.di.ens.fr/~mschmidt/Software/UGM.html},
    urldate = {30/01/2012}
}

@MISC{Freund96experimentswith,
    author = {Yoav Freund and Robert E. Schapire},
    title = {Experiments with a New Boosting Algorithm},
    year = {1996}
}

@inproceedings{conf/ifiptm/NoorianMF11,
  added-at = {2011-08-29T00:00:00.000+0200},
  author = {Noorian, Zeinab and Marsh, Stephen and Fleming, Michael},
  biburl = {http://www.bibsonomy.org/bibtex/224dcc785c4c4c37ade9b4c6b132a9f36/dblp},
  booktitle = {IFIPTM},
  crossref = {conf/ifiptm/2011},
  editor = {Wakeman, Ian and Gudes, Ehud and Jensen, Christian Damsgaard and Crampton, Jason},
  ee = {http://dx.doi.org/10.1007/978-3-642-22200-9_17},
  interhash = {ae2c196e75496ab4ad41ef2bb71d5a34},
  intrahash = {24dcc785c4c4c37ade9b4c6b132a9f36},
  isbn = {978-3-642-22199-6},
  keywords = {dblp},
  pages = {206-222},
  publisher = {Springer},
  series = {IFIP Advances in Information and Communication Technology},
  timestamp = {2011-08-29T00:00:00.000+0200},
  title = {Prob-Cog: An Adaptive Filtering Model for Trust Evaluation.},
  url = {http://dblp.uni-trier.de/db/conf/ifiptm/ifiptm2011.html#NoorianMF11},
  volume = 358,
  year = 2011
}

@INPROCEEDINGS{urtasun,
    author={Jian Yao and Fidler, S. and Urtasun, R.},
    booktitle={Computer Vision and Pattern Recognition (CVPR), 2012 IEEE Conference on}, title={Describing the scene as a whole: Joint object detection, scene classification and semantic segmentation},
    year={2012},
    month={june},
    volume={},
    number={},
    pages={702 -709},
    keywords={MSRC-21 benchmark;auxiliary variables;convergent message-passing algorithm;high-order potentials decomposition;holistic scene understanding;joint object detection;model inference;model learning;object class;object location;object region;object spatial extent;pairwise potentials;scene classification;scene type;semantic segmentation;image classification;image segmentation;inference mechanisms;learning (artificial intelligence);message passing;object detection;},
    doi={10.1109/CVPR.2012.6247739},
    ISSN={1063-6919},}
