\begin{thebibliography}{1}

\bibitem{Micusik08032012}
Branislav Micusik, Jana Košecká, and Gautam Singh.
\newblock Semantic parsing of street scenes from video.
\newblock {\em The International Journal of Robotics Research}, 2012.

\bibitem{Munoz:2010:SHL:1888212.1888218}
Daniel Munoz, J.~Andrew Bagnell, and Martial Hebert.
\newblock Stacked hierarchical labeling.
\newblock In {\em Proceedings of the 11th European conference on Computer
  vision: Part VI}, ECCV'10, pages 57--70, Berlin, Heidelberg, 2010.
  Springer-Verlag.

\bibitem{Wang:2008:HML:1620163.1620244}
Jue Wang and Pedro Domingos.
\newblock Hybrid markov logic networks.
\newblock In {\em Proceedings of the 23rd national conference on Artificial
  intelligence - Volume 2}, AAAI'08, pages 1106--1111. AAAI Press, 2008.

\end{thebibliography}